<?xml version="1.0" encoding="UTF-8"?><collection xmlns="http://www.loc.gov/MARC21/slim"><record><leader>00341nam--2200121-i-4500</leader><controlfield tag="001">000002140</controlfield><controlfield tag="002">20161230</controlfield><controlfield tag="005">20161230201024</controlfield><controlfield tag="008">060222s1000------------r-----000-0-eng-d</controlfield><datafield ind1=" " ind2=" " tag="100"><subfield code="a">Glasstone, S</subfield></datafield><datafield ind1=" " ind2=" " tag="245"><subfield code="a">Principles of nuclear reactor engineering. 5-th printing</subfield></datafield><datafield ind1=" " ind2=" " tag="260"><subfield code="a">Princeton, D.Van Nostrand Co.Inc., 1957. Ix + 861 P</subfield></datafield><datafield ind1=" " ind2=" " tag="852"><subfield code="a">13100</subfield></datafield></record></collection>